@article{Krenn1,
	doi = {10.1103/physrevlett.119.240403},
  
	url = {https://doi.org/10.1103%2Fphysrevlett.119.240403},
  
	year = 2017,
	month = {Dec},
  
	publisher = {American Physical Society ({APS})},
  
	volume = {119},
  
	number = {24},
  
	author = {Mario Krenn and Xuemei Gu and Anton Zeilinger},
  
	title = {Quantum Experiments and Graphs: Multiparty States as Coherent Superpositions of Perfect Matchings},
  
	journal = {Physical Review Letters}
}

@article{Krenn2,
	doi = {10.1073/pnas.1815884116},
  
	url = {https://doi.org/10.1073%2Fpnas.1815884116},
  
	year = 2019,
	month = {Feb},
  
	publisher = {Proceedings of the National Academy of Sciences},
  
	volume = {116},
  
	number = {10},
  
	pages = {4147--4155},
  
	author = {Xuemei Gu and Manuel Erhard and Anton Zeilinger and Mario Krenn},
  
	title = {Quantum experiments and graphs {II}: Quantum interference, computation, and state generation},
  
	journal = {Proceedings of the National Academy of Sciences}
}

@article{Krenn3,
	doi = {10.1103/physreva.99.032338},
  
	url = {https://doi.org/10.1103%2Fphysreva.99.032338},
  
	year = 2019,
	month = {Mar},
  
	publisher = {American Physical Society ({APS})},
  
	volume = {99},
  
	number = {3},
  
	author = {Xuemei Gu and Lijun Chen and Anton Zeilinger and Mario Krenn},
  
	title = {Quantum experiments and graphs. {III}. High-dimensional and multiparticle entanglement},
  
	journal = {Physical Review A}
}


@MISC {bogdanov,
    TITLE = {Graphs with only disjoint perfect matchings},
    AUTHOR = {Ilya Bogdanov (https://mathoverflow.net/users/17581/ilya-bogdanov)},
    HOWPUBLISHED = {MathOverflow},
    NOTE = {URL:https://mathoverflow.net/q/267013 (version: 2017-04-12)},
    EPRINT = {https://mathoverflow.net/q/267013},
    URL = {https://mathoverflow.net/q/267013}
}

@misc{chandran_gajjala1000,
      title={Perfect Matchings and Quantum Physics: Progress on Krenn's Conjecture}, 
      author={L. Sunil Chandran and Rishikesh Gajjala},
      year={2022},
      eprint={2202.05562},
      archivePrefix={arXiv},
      primaryClass={cs.DM}
}

@misc{Krenn_website,
    title = {Graph Theory Question, Mario Krenn},
    author = {Mario Krenn (https://mariokrenn.wordpress.com)},
    howpublished = {\url{https://mariokrenn.wordpress.com/graph-theory-question/}}
}

@misc{QuantumGraphsGithub,
    title = {Detecting Quantum Graphs},
    author = {Darpan Bhattacharya (https://github.com/darpan-b)},
    howpublished = {\url{https://github.com/darpan-b/Detecting-Quantum-Graphs}}
}

@misc{cg2023root2,
      title={Graph-theoretic insights on the constructability of complex entangled states}, 
      author={L. Sunil Chandran and Rishikesh Gajjala},
      year={2023},
      eprint={2304.06407},
      archivePrefix={arXiv},
      primaryClass={quant-ph}
}

@MISC {krenn_hypergraph,
    TITLE = {Hypergraphs with only disjoint perfect matchings},
    AUTHOR = {Mario Krenn (https://mathoverflow.net/users/63938/mario-krenn)},
    HOWPUBLISHED = {MathOverflow},
    NOTE = {URL:https://mathoverflow.net/q/347793 (version: 2019-12-07)},
    EPRINT = {https://mathoverflow.net/q/347793},
    URL = {https://mathoverflow.net/q/347793}
}

@MISC {oeis1,
    TITLE = {OEIS 1001700},
    AUTHOR = {OEIS Foundation Inc. (2023)},
    HOWPUBLISHED = {The On-Line Encyclopedia of Integer Sequences},
    NOTE = {URL: https://oeis.org/A001700},
    URL = {https://oeis.org/A001700}
}
@MISC {edmonds-blossom,
    TITLE = {A python implementation of Edmonds blossom algorithm for maximum-cardinality matching.},
    AUTHOR = {yorkyer (https://github.com/yorkyer)},
    HOWPUBLISHED = {github.com},
    NOTE = {URL: https://github.com/yorkyer/edmonds-blossom/blob/master/max\_matching.py},
    URL = {https://github.com/yorkyer/edmonds-blossom/blob/master/max_matching.py}
}

